{
  "leader": "03762cam a2200481Ia 4500",
  "fields": [
    {
      "001": "ocm47200413\\"
    },
    {
      "003": "OCoLC"
    },
    {
      "005": "20220627094516.0"
    },
    {
      "008": "010619s2001\\\\\\\\nyu\\\\\\\\\\\\b\\\\\\\\001\\0\\eng\\\\"
    },
    {
      "010": {
        "ind1": "\\",
        "ind2": "\\",
        "subfields": [
          {
            "a": "  2001041785"
          }
        ]
      }
    },
    {
      "040": {
        "ind1": "\\",
        "ind2": "\\",
        "subfields": [
          {
            "a": "DLC"
          },
          {
            "b": "eng"
          },
          {
            "c": "DLC"
          },
          {
            "d": "C#P"
          },
          {
            "d": "VVC"
          },
          {
            "d": "UKM"
          },
          {
            "d": "CKK"
          },
          {
            "d": "IGR"
          },
          {
            "d": "NLGGC"
          },
          {
            "d": "BAKER"
          },
          {
            "d": "YDXCP"
          },
          {
            "d": "BTCTA"
          },
          {
            "d": "UQ1"
          },
          {
            "d": "SBM"
          },
          {
            "d": "GEBAY"
          },
          {
            "d": "IG#"
          },
          {
            "d": "OCLCF"
          },
          {
            "d": "I8M"
          },
          {
            "d": "OCLCQ"
          },
          {
            "d": "CSJ"
          },
          {
            "d": "OCLCO"
          },
          {
            "d": "OCLCQ"
          },
          {
            "d": "CCH"
          },
          {
            "d": "OCLCQ"
          },
          {
            "d": "OCLCA"
          },
          {
            "d": "OCLCO"
          }
        ]
      }
    },
    {
      "015": {
        "ind1": "\\",
        "ind2": "\\",
        "subfields": [
          {
            "a": "GBA220448"
          },
          {
            "2": "bnb"
          }
        ]
      }
    },
    {
      "020": {
        "ind1": "\\",
        "ind2": "\\",
        "subfields": [
          {
            "a": "0871542455"
          }
        ]
      }
    },
    {
      "020": {
        "ind1": "\\",
        "ind2": "\\",
        "subfields": [
          {
            "a": "9780871542458"
          }
        ]
      }
    },
    {
      "020": {
        "ind1": "\\",
        "ind2": "\\",
        "subfields": [
          {
            "a": "0871542633"
          }
        ]
      }
    },
    {
      "020": {
        "ind1": "\\",
        "ind2": "\\",
        "subfields": [
          {
            "a": "9780871542632"
          }
        ]
      }
    },
    {
      "035": {
        "ind1": "\\",
        "ind2": "\\",
        "subfields": [
          {
            "a": "(OCoLC)47200413"
          }
        ]
      }
    },
    {
      "042": {
        "ind1": "\\",
        "ind2": "\\",
        "subfields": [
          {
            "a": "pcc"
          }
        ]
      }
    },
    {
      "043": {
        "ind1": "\\",
        "ind2": "\\",
        "subfields": [
          {
            "a": "n-us---"
          }
        ]
      }
    },
    {
      "050": {
        "ind1": "0",
        "ind2": "0",
        "subfields": [
          {
            "a": "HV741"
          },
          {
            "b": ".F66 2001"
          }
        ]
      }
    },
    {
      "082": {
        "ind1": "0",
        "ind2": "0",
        "subfields": [
          {
            "a": "362.70973"
          },
          {
            "b": "FOR"
          }
        ]
      }
    },
    {
      "245": {
        "ind1": "0",
        "ind2": "0",
        "subfields": [
          {
            "a": "For better and for worse :"
          },
          {
            "b": "welfare reform and the well-being of children and families /"
          },
          {
            "c": "Greg J. Duncan, P. Lindsay Chase-Lansdale, editors."
          }
        ]
      }
    },
    {
      "260": {
        "ind1": "\\",
        "ind2": "\\",
        "subfields": [
          {
            "a": "New York :"
          },
          {
            "b": "Russell Sage Foundation,"
          },
          {
            "c": "\u00a92001."
          }
        ]
      }
    },
    {
      "300": {
        "ind1": "\\",
        "ind2": "\\",
        "subfields": [
          {
            "a": "viii, 329 pages ;"
          },
          {
            "c": "22 cm"
          }
        ]
      }
    },
    {
      "336": {
        "ind1": "\\",
        "ind2": "\\",
        "subfields": [
          {
            "a": "text"
          },
          {
            "b": "txt"
          },
          {
            "2": "rdacontent"
          }
        ]
      }
    },
    {
      "337": {
        "ind1": "\\",
        "ind2": "\\",
        "subfields": [
          {
            "a": "unmediated"
          },
          {
            "b": "n"
          },
          {
            "2": "rdamedia"
          }
        ]
      }
    },
    {
      "338": {
        "ind1": "\\",
        "ind2": "\\",
        "subfields": [
          {
            "a": "volume"
          },
          {
            "b": "nc"
          },
          {
            "2": "rdacarrier"
          }
        ]
      }
    },
    {
      "504": {
        "ind1": "\\",
        "ind2": "\\",
        "subfields": [
          {
            "a": "Includes bibliographical references and index."
          }
        ]
      }
    },
    {
      "505": {
        "ind1": "0",
        "ind2": "0",
        "subfields": [
          {
            "t": "For better and for worse: welfare reform and the well-being of children and families /"
          },
          {
            "r": "Greg J. Duncan,"
          },
          {
            "r": "P. Lindsay Chase-Lansdale --"
          },
          {
            "t": "Liberal and conservative influences on the welfare reform legislation of 1996 /"
          },
          {
            "r": "Ron Haskins --"
          },
          {
            "t": "Welfare reform, management systems, and policy theories of child well-being /"
          },
          {
            "r": "Cathy M. Johnson,"
          },
          {
            "r": "Thomas L. Gais --"
          },
          {
            "t": "How do state policymakers think about family processes and child development in low-income families? /"
          },
          {
            "r": "Kristin Anderson Moore --"
          },
          {
            "t": "Program redesign by states in the wake of welfare reform: making sense of the effects of devolution /"
          },
          {
            "r": "Alan Weil --"
          },
          {
            "t": "Sanctions and exits: what states know about families that leave welfare because of sanctions and time limits /"
          },
          {
            "r": "Jack Tweedie --"
          },
          {
            "t": "How different are welfare and working families? And do these differences matter for children's achievement? /"
          },
          {
            "r": "Greg J. Duncan ..."
          },
          {
            "g": "[and others] --"
          },
          {
            "t": "My children come first: welfare-reliant women's post-TANF views of work-family trade-offs and marriage /"
          },
          {
            "r": "Ellen K. Scott ..."
          },
          {
            "g": "[and others] --"
          },
          {
            "t": "Does maternal employment mandated by welfare reform affect children's behavior? /"
          },
          {
            "r": "Ariel Kalil,"
          },
          {
            "r": "Rachel E. Dunifon,"
          },
          {
            "r": "Sandra K. Danziger --"
          },
          {
            "t": "Lessons from New Hope: the impact on children's well-being of a work-based antipoverty program for parents /"
          },
          {
            "r": "Rashmita S. Mistry ..."
          },
          {
            "g": "[and others] --"
          },
          {
            "t": "How families view and use lump-sum payments from the earned income tax credit /"
          },
          {
            "r": "Jennifer L. Romich,"
          },
          {
            "r": "Thomas S. Weisner --"
          },
          {
            "t": "Welfare waivers and nonmarital childbearing /"
          },
          {
            "r": "Ann E. Horvath-Rose,"
          },
          {
            "r": "H. Elizabeth Peters --"
          },
          {
            "t": "Reducing child poverty by improving the work-based safety net /"
          },
          {
            "r": "Wendell Primus,"
          },
          {
            "r": "Kristina Daugirdas --"
          },
          {
            "t": "Effects of welfare reform at four years /"
          },
          {
            "r": "Ron Haskins --"
          },
          {
            "t": "Reforming the social family contract: public support for child learning in the United States /"
          },
          {
            "r": "Paula England,"
          },
          {
            "r": "Nancy Folbre --"
          },
          {
            "t": "Lessons learned /"
          },
          {
            "r": "P. Lindsay Chase-Lansdale,"
          },
          {
            "r": "Greg J. Duncan."
          }
        ]
      }
    },
    {
      "650": {
        "ind1": "\\",
        "ind2": "0",
        "subfields": [
          {
            "a": "Child welfare"
          },
          {
            "z": "United States."
          }
        ]
      }
    },
    {
      "650": {
        "ind1": "\\",
        "ind2": "0",
        "subfields": [
          {
            "a": "Family services"
          },
          {
            "z": "United States."
          }
        ]
      }
    },
    {
      "650": {
        "ind1": "\\",
        "ind2": "0",
        "subfields": [
          {
            "a": "Public welfare"
          },
          {
            "z": "United States."
          }
        ]
      }
    },
    {
      "650": {
        "ind1": "\\",
        "ind2": "7",
        "subfields": [
          {
            "a": "Child welfare."
          },
          {
            "2": "fast"
          },
          {
            "0": "(OCoLC)fst00854709"
          }
        ]
      }
    },
    {
      "650": {
        "ind1": "\\",
        "ind2": "7",
        "subfields": [
          {
            "a": "Family services."
          },
          {
            "2": "fast"
          },
          {
            "0": "(OCoLC)fst00920479"
          }
        ]
      }
    },
    {
      "650": {
        "ind1": "\\",
        "ind2": "7",
        "subfields": [
          {
            "a": "Public welfare."
          },
          {
            "2": "fast"
          },
          {
            "0": "(OCoLC)fst01083250"
          }
        ]
      }
    },
    {
      "651": {
        "ind1": "\\",
        "ind2": "7",
        "subfields": [
          {
            "a": "United States."
          },
          {
            "2": "fast"
          },
          {
            "0": "(OCoLC)fst01204155"
          }
        ]
      }
    },
    {
      "700": {
        "ind1": "1",
        "ind2": "\\",
        "subfields": [
          {
            "a": "Duncan, Greg J."
          }
        ]
      }
    },
    {
      "700": {
        "ind1": "1",
        "ind2": "\\",
        "subfields": [
          {
            "a": "Chase-Lansdale, P. Lindsay."
          }
        ]
      }
    },
    {
      "856": {
        "ind1": "4",
        "ind2": "2",
        "subfields": [
          {
            "3": "Contributor biographical information"
          },
          {
            "u": "http://catdir.loc.gov/catdir/enhancements/fy1602/2001041785-b.html"
          }
        ]
      }
    },
    {
      "856": {
        "ind1": "4",
        "ind2": "2",
        "subfields": [
          {
            "3": "Publisher description"
          },
          {
            "u": "http://catdir.loc.gov/catdir/enhancements/fy1602/2001041785-d.html"
          }
        ]
      }
    },
    {
      "994": {
        "ind1": "\\",
        "ind2": "\\",
        "subfields": [
          {
            "a": "Z0"
          },
          {
            "b": "NYRVC"
          }
        ]
      }
    },
    {
      "948": {
        "ind1": "\\",
        "ind2": "\\",
        "subfields": [
          {
            "h": "NO HOLDINGS IN NYRVC - 499 OTHER HOLDINGS"
          }
        ]
      }
    },
    {
      "999": {
        "ind1": "\\",
        "ind2": "\\",
        "subfields": [
          {
            "a": "00000000025258"
          }
        ]
      }
    }
  ]
}